@book{Szeliski2022,
  title={Computer Vision:
Algorithms and Applications
2nd Edition},
  author={Szeliski, Richard},
  year={2022},
  publisher={Springer},
}

@book{Schildt2019,
  title={Java: The Complete Reference, Eleventh Edition},
  author={Herbert Schildt},
  year={2019},
  publisher={McGraw-Hill Education}
}

@book{Lutz1999,
  title={Learning Python},
  author={Mark Lutz and David Ascher},
  year={1999},
  publisher={O'Reilly Media},
}

@article{ref4,
  title={The state of {OA}: {A} large-scale analysis of the prevalence and impact of Open Access articles},
  author={Piwowar, Heather and Priem, Jason and Larivi{\`e}re, Vincent and Alperin, Juan Pablo and Matthias, Lisa and Norlander, Bree and Farley, Ashley and West, Jevin and Haustein, Stefanie},
  journal={PeerJ},
  volume={6},
  pages={e4375},
  year={2018},
  publisher={PeerJ Inc.},
  doi={10.7717/peerj.4375}
}

@incollection{ref5,
  title={Open science in software engineering},
  author={Mendez, Daniel and Graziotin, Daniel and Wagner, Stefan and Seibold, Heidi},
  booktitle={Contemporary empirical methods in software engineering},
  pages={477--501},
  year={2020},
  publisher={Springer},
  doi={10.1007/978-3-030-32489-6\_17}
}